<record><leader>00000cas a22000007a 4500</leader><controlfield tag="001">10335560</controlfield><controlfield tag="008">840125d18751876coucr ne      0    0eng d</controlfield><datafield ind1=" " ind2=" " tag="010"><subfield code="a">sn 84022267 </subfield></datafield><datafield ind1=" " ind2=" " tag="040"><subfield code="a">NPX</subfield><subfield code="b">eng</subfield><subfield code="c">NPX</subfield><subfield code="d">OCLCQ</subfield></datafield><datafield ind1=" " ind2=" " tag="042"><subfield code="a">msc</subfield></datafield><datafield ind1=" " ind2=" " tag="043"><subfield code="a">n-us-co</subfield></datafield><datafield ind1="0" ind2="4" tag="245"><subfield code="a">The Pueblo Republican.</subfield></datafield><datafield ind1=" " ind2=" " tag="260"><subfield code="a">Pueblo, Colo. :</subfield><subfield code="b">Pueblo Print. and Pub. Co.</subfield></datafield><datafield ind1=" " ind2=" " tag="300"><subfield code="a">v. ;</subfield><subfield code="c">55 cm.</subfield></datafield><datafield ind1=" " ind2=" " tag="310"><subfield code="a">Semiweekly</subfield></datafield><datafield ind1="1" ind2=" " tag="362"><subfield code="a">Began in Oct. 1875; ceased in 1876.</subfield><subfield code="z">Cf. Oehlerts, d. E. Guide to Colo. newspapers.</subfield></datafield><datafield ind1=" " ind2=" " tag="500"><subfield code="a">Editors: J.S. Dormer, W.H.F. Hall, J.P.C. Poulton.</subfield></datafield><datafield ind1=" " ind2=" " tag="500"><subfield code="a">Proprietors: J.M. Murphy, J.H. Bridgeman, W.H.F. Hall.</subfield></datafield><datafield ind1=" " ind2=" " tag="500"><subfield code="a">"Campaign paper for the election of 1876."</subfield></datafield><datafield ind1=" " ind2=" " tag="588"><subfield code="a">Description based on: Vol. 1, no. 84 (Aug. 10, 1876).</subfield></datafield><datafield ind1="1" ind2=" " tag="700"><subfield code="a">Poulton, J. P. C.</subfield></datafield><datafield ind1="1" ind2=" " tag="700"><subfield code="a">Dormer, John Shiel.</subfield></datafield><datafield ind1="1" ind2=" " tag="700"><subfield code="a">Hall, W. H. F.</subfield></datafield><datafield ind1=" " ind2=" " tag="752"><subfield code="a">United States</subfield><subfield code="b">Colorado</subfield><subfield code="c">Pueblo</subfield><subfield code="d">Pueblo.</subfield></datafield></record>